<?xml version="1.0" encoding="UTF-8"?>
<record xmlns="http://www.loc.gov/MARC21/slim" xmlns:xsi="http://www.w3.org/2001/XMLSchema-instance" xsi:schemaLocation="http://www.loc.gov/MARC21/slim http://www.loc.gov/standards/marcxml/schema/MARC21slim.xsd">
<leader>     nam a2200217 a 4500</leader>
<controlfield tag="001">001700788</controlfield>
<controlfield tag="003">NNU</controlfield>
<controlfield tag="005">20010214211416.0</controlfield>
<controlfield tag="008">941007m19191920le            000 0 ara d</controlfield>
<datafield tag="035" ind1="9" ind2=" ">
<subfield code="a">NYUb12249373</subfield>
</datafield>
<datafield tag="035" ind1=" " ind2=" ">
<subfield code="a">(CStRLIN)NJPG94-B59686</subfield>
</datafield>
<datafield tag="040" ind1=" " ind2=" ">
<subfield code="a">NjP</subfield>
<subfield code="c">NjP</subfield>
</datafield>
<datafield tag="100" ind1="1" ind2=" ">
<subfield code="a">Yamīn, Anṭūn.</subfield>
</datafield>
<datafield tag="245" ind1="1" ind2="0">
<subfield code="a">Lubnān fī al-ḥarb :</subfield>
<subfield code="b">aw Dhikrá al-ḥawādith wa-al-maẓālim fī Lubnān fī al-Ḥarb al-ʻUmūmīyah : 1914-1919 /</subfield>
<subfield code="c">bi-qalam al-Khūrī Anṭūn Yamīn al-Lubnānī.</subfield>
</datafield>
<datafield tag="260" ind1=" " ind2=" ">
<subfield code="a">Bayrūt :</subfield>
<subfield code="b">al-Maṭbaʻah al-Adabīyah,</subfield>
<subfield code="c">1919-1920.</subfield>
</datafield>
<datafield tag="300" ind1=" " ind2=" ">
<subfield code="a">2 v. in 1 ;</subfield>
<subfield code="c">20 cm.</subfield>
</datafield>
<datafield tag="500" ind1=" " ind2=" ">
<subfield code="a">Imprint varies.</subfield>
</datafield>
<datafield tag="651" ind1=" " ind2="0">
<subfield code="a">Lebanon</subfield>
<subfield code="x">History.</subfield>
</datafield>
<datafield tag="740" ind1="0" ind2="1">
<subfield code="a">Dhikrá al-ḥawādith wa-al-maẓālim fī Lubnān fī al-Ḥarb al-ʻUmūmīyah.</subfield>
</datafield>
<datafield tag="OWN" ind1=" " ind2=" ">
<subfield code="a">GENERAL</subfield>
</datafield>
<datafield tag="950" ind1=" " ind2=" ">
<subfield code="l">BMAIN</subfield>
<subfield code="a">DS80.9</subfield>
<subfield code="b">.Y3</subfield>
</datafield>
<datafield tag="955" ind1=" " ind2=" ">
<subfield code="l">BMAIN</subfield>
<subfield code="c">1</subfield>
<subfield code="r">026451735</subfield>
</datafield>
<datafield tag="998" ind1=" " ind2=" ">
<subfield code="s">9124</subfield>
</datafield>
<datafield tag="AVA" ind1=" " ind2=" ">
<subfield code="a">NYU50</subfield>
<subfield code="b">BOBST</subfield>
<subfield code="c">Main Collection</subfield>
<subfield code="d">DS80.9 .Y3</subfield>
<subfield code="e">unavailable</subfield>
<subfield code="t">Unavailable</subfield>
<subfield code="f">1</subfield>
<subfield code="g">1</subfield>
<subfield code="h">N</subfield>
<subfield code="i">4</subfield>
<subfield code="j">MAIN</subfield>
<subfield code="k">0</subfield>
</datafield>
</record>
